<record><leader>00000cas a22000007a 4500</leader><controlfield tag="001">27819751</controlfield><controlfield tag="008">930329d191u192uctudn ne      0    0eng d</controlfield><datafield ind1=" " ind2=" " tag="010"><subfield code="a">sn 93053881 </subfield></datafield><datafield ind1=" " ind2=" " tag="040"><subfield code="a">CNW</subfield><subfield code="b">eng</subfield><subfield code="c">CNW</subfield><subfield code="d">OCLCQ</subfield><subfield code="d">OCLCF</subfield><subfield code="d">OCLCO</subfield></datafield><datafield ind1="1" ind2=" " tag="029"><subfield code="a">AU@</subfield><subfield code="b">000020737786</subfield></datafield><datafield ind1=" " ind2=" " tag="042"><subfield code="a">msc</subfield></datafield><datafield ind1=" " ind2=" " tag="043"><subfield code="a">n-us-ct</subfield></datafield><datafield ind1="0" ind2=" " tag="130"><subfield code="a">Evening herald (Manchester, Conn. : 1916)</subfield></datafield><datafield ind1="1" ind2="4" tag="245"><subfield code="a">The evening herald.</subfield></datafield><datafield ind1=" " ind2=" " tag="260"><subfield code="a">Manchester, Conn. :</subfield><subfield code="b">Herald Print. Co.</subfield></datafield><datafield ind1=" " ind2=" " tag="300"><subfield code="a">v.</subfield></datafield><datafield ind1=" " ind2=" " tag="310"><subfield code="a">Daily (except Sun. and holidays)</subfield></datafield><datafield ind1=" " ind2=" " tag="530"><subfield code="a">Also issued on microfilm from Connecticut State Library, Hartford, CT.</subfield></datafield><datafield ind1=" " ind2=" " tag="588"><subfield code="a">Description based on: Vol. 37, no. 159 (Apr. 6, 1917).</subfield></datafield><datafield ind1=" " ind2="0" tag="651"><subfield code="a">Manchester (Conn.)</subfield><subfield code="v">Newspapers.</subfield></datafield><datafield ind1=" " ind2="7" tag="655"><subfield code="a">Newspapers.</subfield><subfield code="2">fast</subfield><subfield code="0">(OCoLC)fst01423814</subfield></datafield><datafield ind1=" " ind2="7" tag="651"><subfield code="a">Connecticut</subfield><subfield code="z">Manchester.</subfield><subfield code="2">fast</subfield><subfield code="0">(OCoLC)fst01211851</subfield></datafield><datafield ind1=" " ind2=" " tag="752"><subfield code="a">United States</subfield><subfield code="b">Connecticut</subfield><subfield code="c">Hartford</subfield><subfield code="d">Manchester.</subfield></datafield><datafield ind1="0" ind2="0" tag="780"><subfield code="t">Manchester evening herald (Manchester, Conn. : 1914)</subfield><subfield code="w">(DLC)sn 94053004</subfield></datafield><datafield ind1="0" ind2="0" tag="785"><subfield code="t">Manchester evening herald (Manchester, Conn. : 1923)</subfield><subfield code="w">(DLC)sn 93053882</subfield></datafield></record>